@article{fishbone1981markal,
  title={Markal, a linear-programming model for energy systems analysis: Technical description of the bnl version},
  author={Fishbone, Leslie G and Abilock, Harold},
  journal={International journal of Energy research},
  volume={5},
  number={4},
  pages={353--375},
  year={1981},
  publisher={Wiley Online Library}
}

@article{schrattenholzer1981energy,
  title={The energy supply model MESSAGE},
  author={Schrattenholzer, Leo},
  year={1981},
  publisher={RR-81-031}
}

@article{loulou2005documentation,
  title={Documentation for the times model part ii},
  author={Loulou, Richard and Remme, Uwe and Kanudia, Amit and Lehtila, Antti and Goldstein, Gary},
  journal={Energy Technology Systems Analysis Programme},
  year={2005}
}

@article{howells2011osemosys,
  title={OSeMOSYS: the open source energy modeling system: an introduction to its ethos, structure and development},
  author={Howells, Mark and Rogner, Holger and Strachan, Neil and Heaps, Charles and Huntington, Hillard and Kypreos, Socrates and Hughes, Alison and Silveira, Semida and DeCarolis, Joe and Bazillian, Morgan and others},
  journal={Energy Policy},
  volume={39},
  number={10},
  pages={5850--5870},
  year={2011},
  publisher={Elsevier}
}

@article{hunter2013modeling,
  title={Modeling for insight using tools for energy model optimization and analysis (Temoa)},
  author={Hunter, Kevin and Sreepathi, Sarat and DeCarolis, Joseph F},
  journal={Energy Economics},
  volume={40},
  pages={339--349},
  year={2013},
  publisher={Elsevier}
}


@article{hilpert2018open,
  title={The Open Energy Modelling Framework (oemof)-A new approach to facilitate open science in energy system modelling},
  author={Hilpert, Simon and Kaldemeyer, Cord and Krien, Uwe and G{\"u}nther, Stephan and Wingenbach, Clemens and Plessmann, Guido},
  journal={Energy strategy reviews},
  volume={22},
  pages={16--25},
  year={2018},
  publisher={Elsevier}
}

@article{ihlemann2022spineopt,
  title={SpineOpt: A flexible open-source energy system modelling framework},
  author={Ihlemann, Maren and Kouveliotis-Lysikatos, Iasonas and Huang, Jiangyi and Dillon, Joseph and Oâ€™Dwyer, Ciara and Rasku, Topi and Marin, Manuel and Poncelet, Kris and Kiviluoma, Juha},
  journal={Energy Strategy Reviews},
  volume={43},
  pages={100902},
  year={2022},
  publisher={Elsevier}
}


@article{wiese2018balmorel,
  title={Balmorel open source energy system model},
  author={Wiese, Frauke and Bramstoft, Rasmus and Koduvere, Hardi and Alonso, Amalia Pizarro and Balyk, Olexandr and Kirkerud, Jon Gustav and Tveten, {\AA}sa Grytli and Bolkesj{\o}, Torjus Folsland and M{\"u}nster, Marie and Ravn, Hans},
  journal={Energy strategy reviews},
  volume={20},
  pages={26--34},
  year={2018},
  publisher={Elsevier}
}

@article{pfenninger2018calliope,
  title={Calliope: a multi-scale energy systems modelling framework},
  author={Pfenninger, Stefan and Pickering, Bryn},
  journal={Journal of Open Source Software},
  volume={3},
  number={29},
  pages={825},
  year={2018},
  publisher={The Open Journal}
}

@article{bezanson2012julia,
  title={Julia: A fast dynamic language for technical computing},
  author={Bezanson, Jeff and Karpinski, Stefan and Shah, Viral B and Edelman, Alan},
  journal={arXiv preprint arXiv:1209.5145},
  year={2012}
}

@article{dunning2017jump,
  title={JuMP: A modeling language for mathematical optimization},
  author={Dunning, Iain and Huchette, Joey and Lubin, Miles},
  journal={SIAM review},
  volume={59},
  number={2},
  pages={295--320},
  year={2017},
  publisher={SIAM}
}

@techreport{vimmerstedt2022annual,
  title={Annual Technology Baseline: The 2022 Electricity Update},
  author={Vimmerstedt, Laura and Akar, Serta{\c{c}} and Mirletz, Brian and Sekar, Ashok and Stright, Dana and Augustine, Chad and Beiter, Philipp and Bhaskar, Parangat and Blair, Nate and Cohen, Stuart and others},
  year={2022},
  institution={National Renewable Energy Lab.(NREL), Golden, CO (United States)}
}


@article{eia2020us,
  title={{US} Energy Information Administration Annual Energy Outlook 2020},
  author={U.S. Energy Information Administration},
  journal={{US} Department of Energy: Washington, {DC}, USA},
  year={2020}
}


@misc{eia2022assumptions,
  title={Assumptions to AEO2022},
  author={U.S. Energy Information Administration},
  journal={{US} Department of Energy: Washington, {DC}, USA},
  year={2022},
  howpublished="\url{https://www.eia.gov/outlooks/aeo/assumptions/}"
  }

@misc{clpSolver,
  title        = {coin-or/Clp: Release releases/1.17.7},
  author={Forrest, John and Vigerske, Stefan and Ralphs, Ted and Hafer, Lou and jpfasano and Gambini Santos, Haroldo and Saltzman, Matthew and Jan-Willem and Kristjansson, Bjarni and h-i-gassmann and King, Alan and pobonomo and Brito, Samuel and to-st},
  howpublished = "\url{https://github.com/coin-or/Clp/tree/releases/1.17.7}",
  year         = 2022,
  doi         = "10.5281/zenodo.5839302"
}


@misc{emissions2022generation,
    year = {2022},
    title = {Emissions \& Generation Resource Integrated Database ({eGRID}), 2020},
    author = {Office of Atmospheric Protection: Clean Air Markets Division},
    publisher = {United States Environmental Protection Agency ({EPA})},
    address = {Washington, {DC}},
    howpublished= "\url{https://www.epa.gov/egrid}"
}

@article{postcombAzarabadi,
author = {Azarabadi, Habib and Lackner, Klaus S.},
title = {Postcombustion Capture or Direct Air Capture in Decarbonizing US Natural Gas Power?},
journal = {Environmental Science \& Technology},
volume = {54},
number = {8},
pages = {5102-5111},
year = {2020},
doi = {10.1021/acs.est.0c00161},
note ={PMID: 32212696},
URL = {https://doi.org/10.1021/acs.est.0c00161},
eprint = {https://doi.org/10.1021/acs.est.0c00161}
}

@article{energy2020capital,
  title={Capital Cost and Performance Characteristic Estimates for Utility Scale Electric Power Generating Technologies},
  author={Energy Information Administration, U},
  year={2020}
}

@misc{andover2018heatrate,
  title={Improving Heat Rate on Combined Cycle Power Plants},
  author={Andover Technology Partners},
  year={2018},
  howpublished={\url{https://www.andovertechnology.com/wp-content/uploads/2021/03/C_18_EDF_FINAL.pdf}}
}

@article{supekar2017sourcing,
  title={Sourcing of steam and electricity for carbon capture retrofits},
  author={Supekar, Sarang D and Skerlos, Steven J},
  journal={Environmental science \& technology},
  volume={51},
  number={21},
  pages={12908--12917},
  year={2017},
  publisher={ACS Publications}
}